
@article{Polo2009DecreasingTC,
  title={Decreasing the cost of mutation testing with second-order mutants},
  author={Polo, Macario and Piattini, Mario and de Guzm{\'a}n, Ignacio Garc{\'i}a Rodr{\'i}guez},
  journal={Software Testing, Verification and  Reliability},
  year={2009},
  volume={19},
  pages={111-131}
}

@book{Kan:2002:MMS:559784,
 author = {Kan, Stephen H.},
 title = {Metrics and Models in Software Quality Engineering},
 year = {2002},
 isbn = {0201729156},
 edition = {2nd},
 publisher = {Addison-Wesley Longman Publishing Co., Inc.},
 address = {Boston, MA, USA},
} 

@book{Myers179,
 author = {Myers, Glenford J.},
 title = {The art of software testing},
 year = {1979},
 isbn = {0-471-04328-1},
 publisher = {Wiley},
} 

@book{Beizer1990,
 author = {Beizer, Boris},
 title = {Software Testing Techniques},
 year = {1990},
 publisher = {Itp -- Media},
} 

@book{Zeller:2005:WPF:1077048,
 author = {Zeller, Andreas},
 title = {Why Programs Fail: A Guide to Systematic Debugging},
 year = {2005},
 isbn = {1558608664},
 publisher = {Morgan Kaufmann Publishers Inc.},
 address = {San Francisco, CA, USA},
} 


@inbook{Bayesnowak,
  author = 	 {Nowak, Roman},
  title = 	 {Statystyka dla fizyków},
  publisher = 	 {PWN},
  year = 	 {2002},
  chapter = 	 {9},
  pages = 	 {534--543},
}

@inbook{Bayesdef,
  author = 	 {Berger, James O.},
  title = 	 {Statistical Decision Theory and Bayesian Analysis},
  publisher = {Springer, New York, NY},
  year = 	 {1985},
  chapter = 	 {1},
  pages = 	 {1--45},
}


@Article{MCCABEcyclo,
  author = 	 {McCabe, T.},
  title = 	 {A complexity measure},
  journal = {IEEE Transactions on Software Engineering},
  year = 	 {1976},
  volume = 	 {2},
}  
  
  @Book{AO2008,
  author = 	 {Ammann, P. and Offutt, J.},
  title = 	 {{Introduction to Software Testing}},
  publisher = 	 {Cambridge University Press, Cambridge, UK},
  year = 	 {2008},
 }
 
   @Book{Jorgensen2014,
  author = 	 {Jorgensen, P.},
  title = 	 {{Software Testing. A Craftsman's Approach}},
  publisher = 	 {CRC Press},
  year = 	 {2014},
 } 
  
  @inbook{MLS78,
  author = 	 {De Millo, R.A. and Lipton, R.J. and Sayward, F.G.},
  title = 	 {Hints on test data selection: help for the practicing programmer},
  publisher = {IEEE Computer 11},
  year = 	 {1978},
  chapter = 	 {4},
  pages = 	 {34--40},
  }
  
@Article{KCD2001,
    author = {Kim, Sunwoo and Clark, John A. and McDermid, John A.},
    title = {Investigating the Effectiveness of Object-Oriented Testing Strategies with the Mutation Method},
    journal = {Software Testing, Verification and Reliability},
    year = {2001},
    volume = {11},
    pages = {207--225}
}
  
  
  @Article{MKO2002,
    author = {Ma, Y.-S and Kwon, Y.-R. and Offutt, J.},
    title = {Inter-class mutation operators for Java},
    journal = {Proceedings of the 13th International Symposium on Software Reliability Engineering, IEEE},
    year = {2002},
    pages = {352--363}
}

  @Article{PT2015,
    author = {Papadakis, M. and Le Traon, Y.},
    title = {Metallaxis-FL: mutation-based fault localization},
    journal = {Software Testing, Verification and Reliability},
    year = {2015},
    volume = {25},
    pages = {605--628}
}

  @Article{ZMK2013,
    author = {Zhang, L. and Marinov, D. and Khurshid, S.},
    title = {Faster mutation testing inspired by test prioritization and reduction},
    journal = {SSTA 2013 -- Proceedings of the International Symposium on Software Testing and Analysis},
    year = {2013},
    pages = {235--245}
}


@unknown{PIT,
author = {Coles, Henry},
title = {{PIT Mutation Testing. http://pitest.org}},
 url = "http://pitest.org"
}

@unknown{PITTDDM-c,
author = {Kirk, Matt},
title = {{PIT Mutation Testing TDD.  http://pitest.org/sky\_experience}},
 url = "http://pitest.org/sky\_experience"
}


@unknown{Major-page,
author = {Just, René},
title = {{The Major mutation framework.  http://mutation-testing.org}},
 url = " http://mutation-testing.org"
}



@Article{UM2010,
   author = {Usaola, M.P. and Mateo, P.R.},
   title = {Mutation Testing Cost Reduction Techniques},
   journal = {A Survey, IEEE Software},
   year = {2010},
   volume = {27},
   pages = {80--86}
}

@inbook{Hazzan:2014:AAE:2688827,
 author = {Hazzan, Orit and Dubinsky, Yael},
 title = {{Agile Anywhere: Essays on Agile Projects and Beyond}},
 year = {2014},
 pages = {45--46},
 isbn = {3319101560, 9783319101569},
 publisher = {Springer Publishing Company, Incorporated}
} 


@book{Astels:2003:TDD:864016,
 author = {Astels, Dave},
 title = {{Test Driven Development: A Practical Guide}},
 year = {2003},
 isbn = {0131016490},
 publisher = {Prentice Hall Professional Technical Reference}
} 

@ARTICLE{6613487, 
author={Madeyski, L. and Orzeszyna, W. and Torkar, R. and Józala, M.}, 
journal={IEEE Transactions on Software Engineering}, 
title={Overcoming the Equivalent Mutant Problem: A Systematic Literature Review and a Comparative Experiment of Second Order Mutation}, 
year={2014}, 
volume={40}, 
number={1}, 
pages={23-42}, 
doi={10.1109/TSE.2013.44}, 
ISSN={0098-5589}
}

@InProceedings{10.1007/978-3-319-19216-113,
author={Derezinska, Anna and Trzpil, Piotr},
title="Mutation Testing Process Combined with Test-Driven Development in .NET Environment",
booktitle="Theory and Engineering of Complex Systems and Dependability",
year="2015",
publisher="Springer International Publishing",
address="Cham",
pages="131--140",
isbn="978-3-319-19216-1"
}

@book{JezAuto,
 author = {Hopcroft, John E. and Motwani, Rajeev and Ullman, Jeffrey D.},
 title = {Wprowadzenie do teorii automatów, języków i obliczeń},
 year = {2012},
 publisher = {Wydawnictwo Naukowe PWN}
} 

@inproceedings{Tadeesom:2017:MOB:3178264.3178286,
 author = {Tadeesom, Phra Pridsadi and Suwannasart, Taratip},
 title = {{Mutation Operators in BPMN Model}},
 booktitle = {Proceedings of the 2017 International Conference on Industrial Design Engineering},
 series = {ICIDE 2017},
 year = {2017},
 isbn = {978-1-4503-4866-9},
 location = {Dubai, United Arab Emirates},
 pages = {45--48},
 numpages = {4},
 url = {http://doi.acm.org/10.1145/3178264.3178286},
 doi = {10.1145/3178264.3178286},
 acmid = {3178286},
 publisher = {ACM},
 address = {New York, NY, USA},
 keywords = {BPMN, Mutation Operator, Mutation Testing},
} 

@unknown{MoMuT,
author = {Kirk, Matt},
title = {{MoMuT. https://www.momut.org}},
 url = "https://www.momut.org"
}

@unknown{Jumble,
title = {Jumble. http://jumble.sourceforge.net/},
 url = "http://jumble.sourceforge.net/"
}


@INPROCEEDINGS{7102627, 
author={Krenn, W. and Schlick, R. and Tiran, S. and Aichernig, B. and Jobst, E. and Brandl, H.}, 
booktitle={2015 IEEE 8th International Conference on Software Testing, Verification and Validation (ICST)}, 
title={{MoMut::UML Model-Based Mutation Testing for UML}}, 
year={2015}, 
volume={}, 
number={}, 
pages={1-8}, 
doi={10.1109/ICST.2015.7102627}, 
ISSN={2159-4848}, 
month={April},}


@InProceedings{10.1007/978-3-319-09099-31,
author="Aichernig, Bernhard K.
and Auer, Jakob
and J{\"o}bstl, Elisabeth
and Koro{\v{s}}ec, Robert
and Krenn, Willibald
and Schlick, Rupert
and Schmidt, Birgit Vera",
editor="Seidl, Martina
and Tillmann, Nikolai",
title="Model-Based Mutation Testing of an Industrial Measurement Device",
booktitle="Tests and Proofs",
year="2014",
publisher="Springer International Publishing",
address="Cham",
pages="1--19",
isbn="978-3-319-09099-3"
}

@inproceedings{JustSK2011,
   author = {Just, Ren{\'e} and Schweiggert, Franz and Kapfhammer, Gregory M.},
   title = {{MAJOR}: An efficient and extensible tool for mutation analysis in a {J}ava compiler},
   booktitle = {Proceedings of the International Conference on Automated
	Software Engineering (ASE)},
   pages = {612--615},
   month = {November~9--11},
   year = {2011}
}

@inproceedings{JustKS2012b,
   author = {Just, Ren{\'e} and Kapfhammer, Gregory M. and Schweiggert, Franz},
   title = {Using non-redundant mutation operators and test suite prioritization to achieve efficient and scalable mutation analysis},
   booktitle = {Proceedings of the International Symposium on Software
	Reliability Engineering (ISSRE)},
   pages = {11--20},
   month = {November~28--30},
   year = {2012}
}


@article{doi:10.1002/stvr.1561,
author = {Just, Ren{\'e} and Schweiggert, Franz},
title = {Higher accuracy and lower run time: efficient mutation analysis using non-redundant mutation operators},
journal = {Software Testing, Verification and Reliability},
volume = {25},
number = {5-7},
pages = {490-507},
keywords = {mutation analysis, redundant mutants, test adequacy, code coverage},
doi = {10.1002/stvr.1561},
url = {https://onlinelibrary.wiley.com/doi/abs/10.1002/stvr.1561},
eprint = {https://onlinelibrary.wiley.com/doi/pdf/10.1002/stvr.1561},
year={2014}
}


@ARTICLE{mgrsql, 
author={McCormick II, Donald W.}, 
journal={Virginia Polytechnic Institute and State University Masters Theses [18201]}, 
title={Towards A Sufficient Set of Mutation Operators for Structured Query Language (SQL)}, 
year={2010}, 
volume={18201}
}

@article{sqlOpr, 
author={Suárez-Cabal, Jose and Tuya, Javier}, 
journal={Journal of Universal Computer Science}, 
title={{Structural Coverage Criteria for Testing SQL Queries}}, 
year={2009}, 
volume={15},
number={3}
}

@InProceedings{10.1007/978-3-662-49381-624,
author="Nguyen, Quang Vu
and Madeyski, Lech",
editor="Nguyen, Ngoc Thanh
and Trawi{\'{n}}ski, Bogdan
and Fujita, Hamido
and Hong, Tzung-Pei",
title="On the Relationship Between the Order of Mutation Testing and the Properties of Generated Higher Order Mutants",
booktitle="Intelligent Information and Database Systems",
year="2016",
publisher="Springer Berlin Heidelberg",
address="Berlin, Heidelberg",
pages="245--254",
isbn="978-3-662-49381-6"
}

@inproceedings{JustKS2011,
   author = {Just, Ren{\'e} and Kapfhammer, Gregory M. and Schweiggert, Franz},
   title = {Using conditional mutation to increase the efficiency of mutation analysis},
   booktitle = {Proceedings of the International Workshop on Automation of
	Software Test (AST)},
   pages = {50--56},
   month = {May~23--24},
   year = {2011}
}



@inproceedings{NonRedudantOffut,
 author = {Kaminski, Gary and Ammann, Paul and Offutt, Jeff},
 title = {{Better Predicate Testing}},
 booktitle = {Proceedings of the 6th International Workshop on Automation of Software Test},
 series = {AST '11},
 year = {2011},
 isbn = {978-1-4503-0592-1},
 location = {Waikiki, Honolulu, HI, USA},
 pages = {57--63},
 numpages = {7},
 url = {http://doi.acm.org/10.1145/1982595.1982608},
 doi = {10.1145/1982595.1982608},
 acmid = {1982608},
 publisher = {ACM},
 address = {New York, NY, USA},
 keywords = {logic testing, mutation},
} 



@ARTICLE{MarcinData, 
author={Data, Marcin}, 
journal={Uniwersytet Jagielloński,  Instytut Informatyki i Matematyki Komputerowej, praca magisterska}, 
title={Efektywność testowania mutacyjnego}, 
year={2016}, 
}


@inproceedings{Palomo-Lozano:2018:TSM:3205455.3205533,
 author = {Palomo-Lozano, Francisco and Estero-Botaro, Antonia and Medina-Bulo, Inmaculada and N\'{u}\~{n}ez, Manuel},
 title = {{Test Suite Minimization for Mutation Testing of WS-BPEL Compositions}},
 booktitle = {Proceedings of the Genetic and Evolutionary Computation Conference},
 series = {GECCO '18},
 year = {2018},
 isbn = {978-1-4503-5618-3},
 location = {Kyoto, Japan},
 pages = {1427--1434},
 numpages = {8},
 url = {http://doi.acm.org/10.1145/3205455.3205533},
 doi = {10.1145/3205455.3205533},
 acmid = {3205533},
 publisher = {ACM},
 address = {New York, NY, USA},
 keywords = {ILP, SBSE, WS-BPEL, exact techniques, mutation testing, test suite minimization, web service compositions},
} 

@article{TestCaseMinimization,
author = {Singh, Rajvir and Santosh, Mamta},
year = {2013},
month = {12},
pages = {1048--1056},
title = {Test Case Minimization Techniques: A Review},
volume = {2},
booktitle = {IJERT}
}

@unknown{ASM,
title = {{ASM. https://asm.ow2.io/}},
 url = "https://asm.ow2.io/"
}

@unknown{bcel,
title = {{BCEL. https://commons.apache.org/proper/commons-bcel/}},
 url = "https://commons.apache.org/proper/commons-bcel/"
}


@unknown{Mujava,
title = {Mujava. https://cs.gmu.edu/ $\sim$ offutt/mujava/},
 url = "https://cs.gmu.edu/offutt/mujava/"
}


@article{MuJavadoc,
author = {Ma, Yu-Seung and Offutt, Jeff and Kwon,  Yong Rae},
journal={Software Testing, Verification and Reliability}, 
title = {{MuJava : An Automated Class Mutation System}},
volume = {15},
year={2005},
pages = {97--133}
}


@article{WONG1995185,
title = "Reducing the cost of mutation testing: An empirical study",
journal = "Journal of Systems and Software",
volume = "31",
number = "3",
pages = "185--196",
year = "1995",
issn = "0164-1212",
doi = "https://doi.org/10.1016/0164-1212(94)00098-0",
url = "http://www.sciencedirect.com/science/article/pii/0164121294000980",
author = "Wong, Eric and Mathur, Aditya"
}

@article{Offutt:1996:EDS:227607.227610,
 author = {Offutt, A. Jefferson and Lee, Ammei and Rothermel, Gregg and Untch, Roland H. and Zapf, Christian},
 title = {An Experimental Determination of Sufficient Mutant Operators},
 journal = {ACM Trans. Softw. Eng. Methodol.},
 date = {April 1996},
 volume = {5},
 number = {2},
 month = apr,
 year = {1996},
 issn = {1049-331X},
 pages = {99--118},
 numpages = {20},
 url = {http://doi.acm.org/10.1145/227607.227610},
 doi = {10.1145/227607.227610},
 acmid = {227610},
 publisher = {ACM},
 address = {New York, NY, USA},
} 


@INPROCEEDINGS{5369, 
author={DeMillo, R.A. and Guindi, D.S. and  McCracken, W.M. and Offutt, A.J. and King, K.N.}, 
booktitle={[1988] Proceedings. Second Workshop on Software Testing, Verification, and Analysis}, 
title={{An extended overview of the Mothra software testing environment}}, 
year={1988}, 
volume={}, 
number={}, 
pages={142--151}, 
keywords={program testing;software tools;Mothra software testing environment;mutation analysis;mutation-adequate data;Software testing;Genetic mutations;Automatic testing;User interfaces;Programming profession;System testing;Software systems;Software tools;Computer errors;Information analysis}, 
doi={10.1109/WST.1988.5369}, 
ISSN={}, 
month={July},}


@InProceedings{10.1007/978-3-319-00945-24,
author="Bluemke, Ilona
and Kulesza, Karol",
editor="Zamojski, Wojciech
and Mazurkiewicz, Jacek
and Sugier, Jaros{\l}aw
and Walkowiak, Tomasz
and Kacprzyk, Janusz",
title="Reduction of Computational Cost in Mutation Testing by Sampling Mutants",
booktitle="New Results in Dependability and Computer Systems",
year="2013",
publisher="Springer International Publishing",
address="Heidelberg",
pages="41--51",
isbn="978-3-319-00945-2"
}

@article{Kintis2018,
author="Kintis, Marinos
and Papadakis, Mike
and Papadopoulos, Andreas
and Valvis, Evangelos
and Malevris, Nicos
and Le Traon, Yves",
title={{How effective are mutation testing tools? An empirical analysis of Java mutation testing tools with manual analysis and real faults}},
journal="Empirical Software Engineering",
year="2018",
month="Aug",
day="01",
volume="23",
number="4",
pages="2426--2463",
issn="1573-7616",
doi="10.1007/s10664-017-9582-5",
url="https://doi.org/10.1007/s10664-017-9582-5"
}

@INPROCEEDINGS{5463722, 
author={Papadakis, M. and Malevris, N.}, 
booktitle={2010 Third International Conference on Software Testing, Verification, and Validation Workshops}, 
title={An Empirical Evaluation of the First and Second Order Mutation Testing Strategies}, 
year={2010}, 
volume={}, 
number={}, 
pages={90-99}, 
keywords={program testing;first order mutation testing strategy;second order mutation testing strategy;mutation approximation technique;Genetic mutations;Software testing;Costs;Fault detection;Software measurement;Application software;Sampling methods;Informatics;Software quality;Vehicles;mutation testing;higher order mutation}, 
doi={10.1109/ICSTW.2010.50}, 
ISSN={}, 
month={April},}


@INPROCEEDINGS{5693206, 
author={Kintis, M. and Papadakis, M. and Malevris, N.}, 
booktitle={2010 Asia Pacific Software Engineering Conference}, 
title={Evaluating Mutation Testing Alternatives: A Collateral Experiment}, 
year={2010}, 
volume={}, 
number={}, 
pages={300--309}, 
keywords={program testing;mutation testing alternative;fault revealing technique;unit testing;approximation technique;second order mutation testing;weak mutation;test effectiveness;test criterion;first order mutant;original mutant set;Couplings;Approximation methods;Software;Manuals;Hybrid power systems;Software testing;mutation testing;higher order mutation;weak mutation;collateral coverage}, 
doi={10.1109/APSEC.2010.42}, 
ISSN={1530-1362}, 
month={Nov},}

@ARTICLE{295895, 
author={Chidamber, S.R. and Kemerer, C.F.}, 
journal={M.I.T. Sloan School of Management}, 
title={A metrics suite for object oriented design}, 
year={1993.}, 
volume={E53-315}, 
month={December},}



@ARTICLE{Nasa, 
author={Laing, Victor and Coleman, Charles}, 
journal={White Paper Analyzing Results of NASA Object-Oriented Data}, 
title={Principal Components of Orthogonal Object-Oriented Metrics }, 
year={2001}, 
volume={323-08-14}, 
month={October},}


@article{art/9021,
author = {Mnich, Michał and Roman, Adam and Wawrzyniak, Piotr},
title = {Mutation Churn Model},
journal = {Schedae Informaticae},
volume = {2016},
number = {25},
year = {2017},
pages = {227--236},
keywords = {Software testing; Mutation testing},
url = {http://www.ejournals.eu/Schedae-Informaticae/2016/Volume-25/art/9021/}
}


@book{beck2002driven,
  added-at = {2010-11-23T14:22:43.000+0100},
  asin = {0321146530},
  author = {Beck, Kent}, 
  description = {Test Driven Development. By Example Addison-Wesley}, 
  dewey = {005.14},
  ean = {9780321146533},
  interhash = {ce3a9459ac3d0b3d47518f186cae5809},
  intrahash = {93ecb16d97b64f51a8cb72ab54dca15a},
  isbn = {0321146530},
  keywords = {addison-wesley books kent beck},
  publisher = {Addison-Wesley Longman, Amsterdam},
  timestamp = {2011-07-19T11:31:41.000+0200},
  title = {{Test Driven Development. By Example (Addison-Wesley Signature)}},
  year = {2002}
}

@inproceedings{Janzen:2005:SAI:1094855.1094945,
 author = {Janzen, David S.},
 title = {{Software Architecture Improvement Through Test-driven Development}},
 booktitle = {Companion to the 20th Annual ACM SIGPLAN Conference on Object-oriented Programming, Systems, Languages, and Applications},
 series = {OOPSLA '05},
 year = {2005},
 isbn = {1-59593-193-7},
 location = {San Diego, CA, USA},
 pages = {222--223},
 numpages = {2},
 url = {http://doi.acm.org/10.1145/1094855.1094945},
 doi = {10.1145/1094855.1094945},
 acmid = {1094945},
 publisher = {ACM},
 address = {New York, NY, USA},
 keywords = {agile methods, test-driven development},
 }
 
 
 
 
 @inproceedings{Bhat:2006:EET:1159733.1159787,
 author = {Bhat, Thirumalesh and Nagappan, Nachiappan},
 title = {{Evaluating the Efficacy of Test-driven Development: Industrial Case Studies}},
 booktitle = {Proceedings of the 2006 ACM/IEEE International Symposium on Empirical Software Engineering},
 series = {ISESE '06},
 year = {2006},
 isbn = {1-59593-218-6},
 location = {Rio de Janeiro, Brazil},
 pages = {356--363},
 numpages = {8},
 url = {http://doi.acm.org/10.1145/1159733.1159787},
 doi = {10.1145/1159733.1159787},
 acmid = {1159787},
 publisher = {ACM},
 address = {New York, NY, USA},
 keywords = {software quality, test-driven development},
} 

@unknown{ISTQB,
title = {{ISTQB Certyfikowany tester - sylabus poziomu podstawowego (2011)}},
 url = "http://sjsi.org/download/3337/"
}

@unknown{TestWarez,
title = {Testowanie mutacyjne w praktycznych procesach deweloperskich, http://2017.testwarez.pl/testowanie-mutacyjne-w-praktycznych-procesach-deweloperskich/},
 url = "http://2017.testwarez.pl/testowanie-mutacyjne-w-praktycznych-procesach-deweloperskich/"
}


@article{JiantaoTesting,
author = {Pan, Jiantao},
title = {{Software Testing}},
journal = {Carnegie Mellon University},
year = {1999},
url = {http://users.ece.cmu.edu/~koopman/des\_s99/sw\_testing/}
}


@unknown{wired,
title = {wired. https://www.wired.com/2015/09/google-2-billion-lines-codeand-one-place/},
 url = "https://www.wired.com/2015/09/google-2-billion-lines-codeand-one-place/"
}

@article{159342, 
author={}, 
journal={IEEE Std 610.12-1990}, 
title={{IEEE Standard Glossary of Software Engineering Terminology}}, 
year={1990}, 
pages={1--84}, 
doi={10.1109/IEEESTD.1990.101064}, 
}



@book{Myers:2004:AST:983238,
 author = {Myers, Glenford J. and Sandler, Corey},
   title = {{The Art of Software Testing}},
 year = {2004},
 isbn = {0471469122},
 publisher = {John Wiley and Sons, Inc.},
 address = {USA},
} 



@ARTICLE{741968, 
author={}, 
journal={IEEE Std 829-1998}, 
title={{IEEE Standard for Software Test Documentation}}, 
year={1998}, 
volume={}, 
number={}, 
pages={1-64}, 
}


@book{Pruneau:2291969,
      author        = "Pruneau, Claude A",
      title         = "Data analysis techniques for physical scientists",
      publisher     = "Cambridge University Press",
      address       = "Cambridge",
      month         = "Oct",
      year          = "2017",
      url           = "https://cds.cern.ch/record/2291969",
}

@book{Likert,
      author        = "Likert, R.",
      title         = "A Technique for the Measurement of Attitudes",
      publisher     = " Archives of Psychology",
      year          = "1932",   
}

@book{Madeyski2010,
      author        = "Madeyski, L.",
      title         = "Test-Driven Development: An Empirical Evaluation of Agile
Practice",
      publisher     = "Springer",
      year          = "2010",
}

@Article{George2004,
    author = {George, B. and Williams, L.},
    title = {A structured experiment on test-driven development},
    journal = {Information and Software Technology},
    year = {2004},
    volume = {46},
    pages = {337--342},
}


@inproceedings{Bhat2006,
 author = {Bhat, T. and Nagappan, N.},
 title = {{Evaluating the efficacy of test-driven development: industrial case studies}},
 booktitle = {Proceedings of the 2006 ACM/IEEE international Symposium on Empirical Software Engineering},
 year = {2006},
 location = {Rio de Janeiro, Brazil},
 pages = {356--363},
 publisher = {ACM},
 address = {New York, NY, USA},
 }

@Article{Erdogmus2005,
    author = {Erdogmus, H. and Morisio, M. and Torchiano, M.},
    title = { On the effectiveness of the test-first approach to programming},
    journal = {IEEE Transactions on Software Engineering},
    year = {2005},
    volume = {31(3)},
    pages = {226--237 },
}


@inproceedings{Flohr2006,
 author = {Flohr, T. and Schneider, T.},
 title = {{Lessons learned from an XP experiment with students: test-first needs more teachings}},
 booktitle = {Lecture Notes in Computer Science},
 editor = {J. M\"{u}nch, M. Vierimaa},
 year = {2006},
 volume = {4034},
 location = {PROFES 2006},
 pages = {305--318},
  }

@inproceedings{Gupta2007,
 author = {Gupta, A. and Jalote, P.},
 title = {{An experimental evaluation of the effectiveness and
efficiency of the test driven development}},
 booktitle = {ESEM’07: International Symposium on Empirical Software Engineering and Measurement},
 year = {2007},
 location = {Washington, DC, USA},
 pages = {285--294},
 publisher = {IEEE Computer Society},
  }

@Article{Huang2009,
    author = {Huang, L. and Holcombe, M.},
    title = {Empirical investigation towards the effectiveness of test first programming},
    journal = {Information and Software Technology},
    year = {2009},
    volume = {51},
    pages = {182--194},
}

@Article{Janzen2008,
    author = {Janzen, D.S. and Saiedian, H.},
    title = {Does Test-driven development really improve software design quality?},
    journal = {IEEE Software},
    year = {2008},
    volume = {25(2)},
    pages = {77--84},
}

@inproceedings{Janzen2006,
 author = {Janzen, D. and Saiedian, H.},
 title = {{On the influence of test-driven development on software design}},
 booktitle = {CSEET, 19th Conference on Software Engineering Education and Training (CSEET’06)},
 year = {2006},
 pages = {141--148},
  }

@Article{Crispin2006,
    author = {Crispin, L.},
    title = {Driving software quality: how test-driven development impacts
software quality},
    journal = {IEEE Software},
    year = {2006},
    volume = {23(6)},
    pages = {70--71},
}

@inproceedings{Geras2004,
 author = {Geras, A. and Smith, M.R. and Miller, J.},
 title = {{A prototype empirical evaluation of test driven development}},
 booktitle = {IEEE METRICS’2004: Proceedings of the 10th IEEE International Software Metrics Symposium},
 year = {2004},
 pages = {405--416},
 publisher = {IEEE Computer Society},
  }

 @inproceedings{Pancur2003,
 author = {Pan\v{c}ur, M. and Ciglari\v{c}, M. and Trampu\v{s}, M. and Vidmar, T.},
 title = {{Towards empirical evaluation of test-driven development in a university environment}},
 booktitle = {EUROCON, Proceedings of the International Conference on Computer as a Tool},
 year = {2003},
 pages = {83--86},
  }

@inproceedings{Siniaalto2007,
 author = {Siniaalto, M. and Abrahamsson, P.},
 title = {{A comparative case study on the impact of test driven development on program design and test coverage}},
 booktitle = {ESEM ’07:
Proceedings of the First International Symposium on Empirical Software
Engineering and Measurement},
 year = {2007},
 pages = {275--284},
 publisher = {IEEE Computer Society},
  }

@Article{Mueller2002,
    author = {Mueller, M.M. and Hagner, O.},
    title = {Experiment about test-first programming},
    journal = {IEE Proceedings – Software},
    year = {2002},
    volume = {149(5)},
    pages = {131--136},
}

@inproceedings{Madeyski2005,
 author = {Madeyski, L.},
 title = {{Preliminary analysis of the effects of pair programming and test driven
development on the external code quality}},
 booktitle = {Software Engineering: Evolution and Emerging Technologies},
 year = {2005},
 volume = {130},
 pages = {113--123},
 publisher = {IOS Press},
  }

@Article{Pancur2011,
    author = {Pan\v{c}ur, M. and Ciglari\v{c}, M.},
    title = {Impact of test-driven development on productivity, code and tests: A controlled experiment},
    journal = {Information and Software Technology},
    year = {2011},
    volume = {53},
    pages = {557--573},
}


@Article{Winter2013,
    author = {deWinter, J.C.F.},
    title = {Using the Student's t-test with extremely small sample size},
    journal = {Practical Assesment, Research and Evaluation},
    year = {2013},
    volume = {18(10)},
    pages = {1--12},
}

@Article{Willson1982,
    author = {Willson, V.L. and Putnam, R.R.},
    title = {A meta-analysis of pretest sensitization effects in experimental design},
    journal = {American Educational Research Journal},
    year = {1982},
    volume = {19(2)},
    pages = {249--258},
}

@inproceedings{Kusano:2013:CMG:3107656.3107759,
 author = {Kusano, Markus and Wang, Chao},
 title = {CCmutator: A Mutation Generator for Concurrency Constructs in Multithreaded C/C++ Applications},
 booktitle = {Proceedings of the 28th IEEE/ACM International Conference on Automated Software Engineering},
 series = {ASE'13},
 year = {2013},
 isbn = {978-1-4799-0215-6},
 location = {Silicon Valley, CA, USA},
 pages = {722--725},
 numpages = {4},
 url = {https://doi.org/10.1109/ASE.2013.6693142},
 doi = {10.1109/ASE.2013.6693142},
 acmid = {3107759},
 publisher = {IEEE Press},
 address = {Piscataway, NJ, USA},
} 

@article{UntchMutantSchemata,
 author = {Untch, Roland H. and Offutt, A. Jefferson and Harrold, Mary Jean},
 title = {Mutation Analysis Using Mutant Schemata},
 journal = {SIGSOFT Softw. Eng. Notes},
 issue_date = {July 1993},
 volume = {18},
 number = {3},
 year = {1993},
 issn = {0163-5948},
 publisher = {ACM},
 address = {New York, NY, USA},
} 

@Article{Luo,
  author = 	 {Luo, L.},
  title = 	 {Software Testing Techniques. Technology Maturation and Research Strategy},
  journal = {Carnegie Mellon University, Class Report for 17-939A},
  url = {https://www.cs.cmu.edu/~luluo/Courses/17939Report.pdf},
}  

@Article{Gelperin,
  author = 	 {Gelperin, D. and Hetzel, B.},
  title = 	 {The Growth of Software Testing},
  journal = {CACM},
  year = 	 {1988},
  volume = 	 {31},
  number = {6},
  pages = {687-695},
}  

@article{Ahmed2017,
    author = {Ahmed, I. and Jensen, C. and Groce, A. and McKenney P.E.},
    title = {Applying mutation analysis on kernel test suites: An experience report},
    journal = {IEEE Int. Conf. on Software Testing Verification and Validation Workshop, ICSTW},
    year = {2017},
    pages = {110--115},
}

@Article{Coles2016,
    author = {Coles, H. and Laurent, T. and Henard, C. and Papadakis, M. and Ventresque, A.},
    title = {{PIT: a practical mutation testing tool for Java}},
    journal = {ACM International Symposium on Software Testing and Analysis, ISSTA},
    year = {2016},
    pages = {449--452},
}

@Article{Groce2015,
    author = {Groce, A. and Ahmed, I. and Jensen, C. and McKenney, P.E.},
    title = {How verified is my code? Falsification-driven verification},
    journal = {IEEE/ACM International Conference on Automated Software Engineering, ASE},
    year = {2015},
    pages = {737--748},
}

@Article{Aniche2015,
    author = {Aniche, M. and Gerosa, M.A.},
    title = {Does test-driven development improve class design? A qualitative study on developers’ perceptions},
    journal = {Journal of the Brazilian Computer Society},
    volume = {21},
    year = {2015},
    pages = {15:1--11},
}

@Article{Cauevic2013,
    author = {Caueviv, A. and Punnekkat, S. and Sundmark, D.},
    title = {TDDHQ: Achieving Higher Quality Testing in Test Driven Development},
    journal = {IEEE 39th Euromicro Conference on Software Engineering and Advanced Applications},
    year = {2013},
    pages = {33--36},
}

@book{Cohen1988,
      author        = "Cohen, J.",
      title         = "Statistical Power Analysis for the Behavioral Sciences",
      publisher     = "Routledge",
      year          = "1988",
}

@Article{Savilowsky2009,
    author = {Savilowsky, S.},
    title = {New effect size rules of thumb},
    journal = {Journal of Modern Applied Statistical Methods},
    year = {2009},
    volume = {8},
    pages = {467--474},
}

@Article{MnichRoman,
    author = {Roman, Adam and Mnich, Michał},
    title = {Test-driven development with mutation testing – an experimental study},
    journal = {Software Quality Journal},
    year = {2020},
}

@book{WawrzyniakPHD,
      author        = {Wawrzyniak, Piotr},
      title         = {Rozprawa doktorska (w przygotowaniu)},
}



